@article{mfa,
  author = {Williamson, Joseph and Curran, Kevin},
  year = {2021},
  month = {05},
  pages = {},
  title = {Best Practice in Multi-factor Authentication},
  volume = {3},
  journal = {Semiconductor Science and Information Devices},
  doi = {10.30564/ssid.v3i1.3152}
}

@article{kondracki2021catching,
  title={Catching Transparent Phish: Analyzing and Detecting MITM Phishing Toolkits},
  author={Kondracki, Brian and Azad, Babak Amin and Starov, Oleksii and Nikiforakis, Nick},
  booktitle={ACM Conference on Computer and Communications Security (CCS)},
  year={2021}
}

@article{clientHelloDiagram,
  author = {Shamsimukhametov, Danil and Kurapov, Anton and Liubogoshchev, Mikhail and Khorov, Evgeny},
  year = {2022},
  month = {01},
  pages = {},
  title = {Is Encrypted ClientHello a Challenge for Traffic Classification?},
  volume = {10},
  journal = {IEEE Access},
  doi = {10.1109/ACCESS.2022.3191431}
}

@INPROCEEDINGS{9945766,
    author={Ellahi, Osama and Umer, Muhammad and Raza, Ahmed and Rehman, Kashif},
    booktitle={2022 International Conference on Smart Information Systems and Technologies (SIST)},
    title={Analyzing 2FA Phishing Attacks and Their Prevention Techniques},
    year={2022},
    volume={},
    number={},
    pages={1-6},
    keywords={Protocols;Social networking (online);Phishing;Authentication;Mobile handsets;IP networks;Web sites;phishing;reverse-proxy;2fa;web-security},
    doi={10.1109/SIST54437.2022.9945766}
}

@article{VARSHNEY20181,
    title = {Secure authentication scheme to thwart RT MITM, CR MITM and malicious browser extension based phishing attacks},
    journal = {Journal of Information Security and Applications},
    volume = {42},
    pages = {1-17},
    year = {2018},
    issn = {2214-2126},
    doi = {https://doi.org/10.1016/j.jisa.2018.07.001},
    url = {https://www.sciencedirect.com/science/article/pii/S2214212618300140},
    author = {Gaurav Varshney and Manoj Misra and Pradeep Atrey},
    keywords = {Phishing, Malicious browser extension, Bluetooth, RT MITM, CR MITM, Authentication, Chrome, Smartphone, Credentials, Deception, Multifactor authentication, QR code, OTP, CAPTCHA},
}

@misc{kondracki2021catchingGit,
    title={PHOCA},
    howpublished = {\url{https://github.com/catching-transparent-phish/phoca}},
}

@article{6trillion,
    author = {Steve Morgan},
    year = {2017},
    title = {2017 Cybercrime Report},
    howpublished = {\url{https://cybersecurityventures.com/2015-wp/wp-content/uploads/2017/10/2017-Cybercrime-Report.pdf}},
}

@article{punycodePhishing,
    author = {Xudong Zheng},
    year = {2017},
    howpublished = {\url{https://www.xudongz.com/blog/2017/idn-phishing/}}
}

@misc{ModlishkaGithub,
    title = {Modlishka Git Repository},
    howpublished = {\url{https://github.com/drk1wi/Modlishka}},
    note = {Accessed: 2024-06-01}
}

@misc{EvilnginxGithub,
    title = {Evilnginx Git Repository},
    howpublished = {\url{https://github.com/kgretzky/evilginx2}},
    note = {Accessed: 2024-06-01}
}

@misc{MuraenaGithub,
    title = {Muraena Git Repository},
    howpublished = {\url{https://github.com/muraenateam/muraena}},
    note = {Accessed: 2024-06-01}
}